% References for the CS Reports

% Add your bibtex items below!

